@misc{lxc,
title           = "Linux Containers",
author          = {Linux},
howpublished            = {\url {https://linuxcontainers.org/}},
  note          = {Accessed: 2016-11-18},
}
@misc{docker,
title           = "Docker",
author          = {Docker},
howpublished            = {\url {https://www.docker.com/}},
  note          = {Accessed: 2016-11-18},
}
@article{vmware,
 author = {Waldspurger, Carl A.},
 title = {Memory resource management in VMware ESX server},
 journal = {SIGOPS Operating Systems Review},
 volume = {36},
 number = {SI},
 month = dec,
 year = {2002},
 pages = {181--194},
} 

@article{xen,
 author = {Barham, Paul and Dragovic, Boris and Fraser, Keir and Hand, Steven and Harris, Tim and Ho, Alex and Neugebauer, Rolf and Pratt, Ian and Warfield, Andrew},
 title = {Xen and the art of virtualization},
 journal = {SIGOPS Operating Systems Review},
 volume = {37},
 number = {5},
 month = oct,
 year = {2003},
 pages = {164--177},
} 


